@article{smith2020,
  author = {John Smith},
  title = {A Study on the Effects of XYZ},
  journal = {Journal of Research},
  year = {2020},
  volume = {12},
  number = {3},
  pages = {45-67},
  month = {July},
  note = {A groundbreaking study}
}

@book{doe2021,
  author = {Jane Doe},
  title = {Advanced Topics in ABC},
  publisher = {Science Publishers},
  year = {2021},
  volume = {1},
  series = {Studies in ABC},
  address = {New York},
  edition = {2nd},
  month = {March},
  note = {A comprehensive guide}
}

@booklet{johnson2019,
  title = {Understanding DEF},
  author = {Emily Johnson},
  howpublished = {Online resource},
  address = {San Francisco},
  month = {August},
  year = {2019},
  note = {Informative resource}
}

@conference{white2020,
  author = {Robert White},
  title = {Innovations in GHI},
  booktitle = {Proceedings of the GHI Conference},
  year = {2020},
  editor = {Lily Brown},
  volume = {2},
  series = {Conference Series},
  pages = {78-89},
  address = {Los Angeles},
  month = {September},
  organization = {Tech Conference Organizers},
  publisher = {Conference Publishing},
  note = {Keynote paper}
}

@inbook{lee2018,
  author = {David Lee},
  title = {Advanced JKL Techniques},
  chapter = {5},
  pages = {123-145},
  publisher = {Tech Books},
  year = {2018},
  volume = {3},
  series = {Handbook of JKL},
  type = {Chapter},
  address = {Chicago},
  edition = {1st},
  month = {April},
  note = {Detailed chapter}
}

@incollection{martin2017,
  author = {Susan Martin},
  title = {Chapter on MNO},
  booktitle = {Encyclopedia of MNO},
  publisher = {Knowledge Press},
  year = {2017},
  editor = {Paul Green},
  volume = {4},
  series = {MNO Series},
  type = {Reference},
  chapter = {2},
  pages = {50-75},
  address = {Boston},
  edition = {3rd},
  month = {May},
  note = {Informative chapter}
}

@inproceedings{clark2016,
  author = {Alice Clark},
  title = {Research on PQR},
  booktitle = {Proceedings of the PQR Symposium},
  year = {2016},
  editor = {Tom Adams},
  volume = {1},
  series = {Symposium Proceedings},
  pages = {34-56},
  address = {Miami},
  month = {June},
  organization = {Symposium Organizers},
  publisher = {Symposium Press},
  note = {Important paper}
}

@manual{wilson2015,
  title = {Guide to STU},
  author = {Michael Wilson},
  organization = {Tech Manuals Inc.},
  address = {Dallas},
  edition = {4th},
  month = {October},
  year = {2015},
  note = {Comprehensive manual}
}

@mastersthesis{evans2014,
  author = {Rachel Evans},
  title = {Thesis on VWX},
  school = {University of Example},
  year = {2014},
  type = {Master's thesis},
  address = {Seattle},
  month = {November},
  note = {Master's thesis}
}

@misc{brown2013,
  author = {Kevin Brown},
  title = {Miscellaneous Work on YZ},
  howpublished = {Personal communication},
  month = {December},
  year = {2013},
  note = {Unpublished work}
}

@phdthesis{thomas2012,
  author = {Linda Thomas},
  title = {Ph.D. Thesis on ABC},
  school = {Institute of Example},
  year = {2012},
  type = {Ph.D. thesis},
  address = {San Diego},
  month = {February},
  note = {Doctoral dissertation}
}

@proceedings{wright2011,
  title = {Proceedings of the DEF Conference},
  year = {2011},
  editor = {James Wright},
  volume = {5},
  series = {Conference Proceedings},
  address = {Houston},
  month = {March},
  organization = {Conference Organizers},
  publisher = {Conference Publishing},
  note = {Collected works}
}

@techreport{hall2010,
  author = {Laura Hall},
  title = {Technical Report on GHI},
  institution = {Tech Research Institute},
  year = {2010},
  type = {Technical Report},
  number = {TR-2010-01},
  address = {Austin},
  month = {January},
  note = {Internal report}
}

@unpublished{scott2009,
  author = {George Scott},
  title = {Unpublished Work on JKL},
  note = {Manuscript in preparation},
  month = {April},
  year = {2009}
}
